@string{iccv="International Conference on Computer Vision"}
@string{eccv="European Conference on Computer Vision"}
@string{cvpr="IEEE  Conference on Computer Vision and Pattern Recognition"}
@string{ijcv="International Journal of Computer Vision"}
@string{pami="IEEE Transactions on Pattern Analysis and Machine Intelligence"}
@string{its="IEEE Transactions on Intelligent Transportation Systems"}
@string{josaa="Journal of the Optical Society of America A"}
@string{nips = "Advances in Neural Information Processing Systems (NIPS)"},


@article{chen2024CLAP,
  title={CLAP: Unsupervised 3D Representation Learning for Fusion 3D Perception via
Curvature Sampling and Prototype Learning},
  author={Chen, Runjian and {\bf Hang Zhang} and Ravichandran, Avinash and Shao, 
Wenqi and Wong, Alex and Luo, Ping},
  journal={In Submission to CVPR},
  year={2025}
}

@inproceedings{liang2023open,
  title={Open-vocabulary semantic segmentation with mask-adapted clip},
  author={Liang, Feng and Wu, Bichen and Dai, Xiaoliang and Li, Kunpeng and Zhao, Yinan and {\bf Hang Zhang} and Zhang, Peizhao and Vajda, Peter and Marculescu, Diana},
  booktitle={Proceedings of the IEEE/CVF Conference on Computer Vision and Pattern Recognition},
  pages={7061--7070},
  year={2023}
}

@article{wu2021fbnetv5,
  title={FBNetV5: Neural Architecture Search for Multiple Tasks in One Run},
  author={Wu, Bichen and Li, Chaojian and {\bf Hang Zhang} and Dai, Xiaoliang and Zhang, Peizhao and Yu, Matthew and Wang, Jialiang and Lin, Yingyan and Vajda, Peter},
  journal={arXiv preprint arXiv:2111.10007},
  year={2021}
}

@article{li2021investigation,
  title={An Investigation on Hardware-Aware Vision Transformer Scaling},
  author={Li, Chaojian and Kim, Kyungmin and Wu, Bichen and Zhang, Peizhao and {\bf Hang Zhang} and Dai, Xiaoliang and Vajda, Peter and Lin, Yingyan},
  journal={ACM Transactions on Embedded Computing Systems},
  volume={23},
  number={3},
  pages={1--19},
  year={2024},
  publisher={ACM New York, NY}
}

@article{zhang2020resnest,
title={Res{N}e{S}t: {S}plit-{A}ttention {N}etworks},
author={{\bf Hang Zhang} and Wu, Chongruo and Zhang, Zhongyue and Zhu, Yi and Zhang, Zhi and Lin, Haibin and Sun, Yue and He, Tong and Muller, Jonas and Manmatha, R. and Li, Mu and Smola, Alexander},
journal={arXiv preprint arXiv:2004.08955},
year={2020}
}

@InProceedings{Zhang_2019_CVPR,
author = {{\bf Hang Zhang} and Han Zhang and Chenguang Wang and Junyuan Xie},
title = {Co-occurrent Features in Semantic Segmentation},
booktitle = {The IEEE Conference on Computer Vision and Pattern Recognition ({\bf CVPR})},
year = {2019}
}

@article{zhu2020improving,
  title={Improving Semantic Segmentation via Efficient Self-Training},
  author={Zhu, Yi and Zhang, Zhongyue and Wu, Chongruo and Zhang, Zhi and He, Tong and {\bf Hang Zhang} and Manmatha, R and Li, Mu and Smola, Alexander},
  journal={IEEE Transactions on Pattern Analysis and Machine Intelligence},
  year={2021},
  publisher={IEEE}
}

@article{guo2019gluoncv,
  title={GluonCV and GluonNLP: Deep Learning in Computer Vision and Natural Language Processing},
  author={Guo, Jian and He, He and He, Tong and Lausen, Leonard and Li, Mu and Lin, Haibin and Shi, Xingjian and Wang, Chenguang and Xie, Junyuan and Zha, Sheng and  Aston Zhang and {\bf Hang Zhang} and Zhi Zhang and Zhongyue Zhang and Shuai Zheng},
  journal={arXiv preprint arXiv:1907.04433},
  year={2019}
}

@article{Lin2019elastic,
  title={Elastic Distributed Training: Learning in the Limbo of Resources},
  author={Haibin Lin and {\bf Hang Zhang} and Yifei Ma and Zhi Zhang and Sheng Zha and Mu Li},
  journal={arXiv preprint arXiv:1904.12043},
  year = {2019}
}


@InProceedings{Xie2018bags,
  title={Bag of Tricks to Train Convolutional Neural Networks for Image Classification},
  author={Tong He and Zhi Zhang and {\bf Hang Zhang} and Zhongyue Zhang and Junyuan Xie and Mu Li},
  booktitle = {The IEEE Conference on Computer Vision and Pattern Recognition ({\bf CVPR})},
  year = {2019}
}

@InProceedings{Zhang_2018_CVPR,
author = {{\bf Hang Zhang} and Dana, Kristin and Shi, Jianping and Zhang, Zhongyue and Wang, Xiaogang and Tyagi, Ambrish and Agrawal, Amit},
title = {Context Encoding for Semantic Segmentation},
booktitle = {The IEEE Conference on Computer Vision and Pattern Recognition (\bf CVPR)},
month = {June},
year = {2018 (\TextRed{\bf oral})}
}

@InProceedings{xue18CVPR,
author = {Xue, Jia and {\bf Hang Zhang} and Dana, Kristin},
title = {Deep Texture Manifold for Ground Terrain Recognition},
booktitle = {The IEEE Conference on Computer Vision and Pattern Recognition ({\bf CVPR})},
month = {June},
year = {2018}
}

@phdthesis{zhang2017thesis,
  title={Reflectance and texture encoding for material recognition and synthesis},
  author={ {\bf  Hang Zhang} },
  year={2017},
  school={Rutgers University-School of Graduate Studies}
}

@InProceedings{kaur2017Photo,
	title={Photo-realistic Facial Texture Transfer},
	author={Kaur, Parneet and {\bf Hang Zhang} and Dana, Kristin},
	booktitle={Winter Conference on Applications of Computer Vision ({\bf WACV})},
	year={2019}
}


@article{zhang17ICCV,
title={Multi-style Generative Network for Real-time Transfer},
author={{\bf Hang Zhang} and Dana, Kristin},
journal={European Conference of Computer Vision Workshops({\bf ECCVW})},
year={2018}
}   

@InProceedings{zhang17CVPR,
author = {{\bf Hang Zhang} and Xue, Jia and Dana, Kristin},
title = {Deep TEN: Texture Encoding Network},
booktitle = {The IEEE Conference on Computer Vision and Pattern Recognition ({\bf CVPR})},
month = {July},
year = {2017}
}

@InProceedings{xue17CVPR,
author = {Xue, Jia and {\bf Hang Zhang} and Dana, Kristin and Nishino, Ko},
title = {Differential Angular Imaging for Material Recognition},
booktitle = {The IEEE Conference on Computer Vision and Pattern Recognition ({\bf CVPR})},
month = {July},
year = {2017}
}

@inproceedings{zhang16CVPR,
	title={Friction from reflectance: Deep reflectance codes for predicting physical surface properties from one-shot in-field reflectance},
	author={{\bf Hang Zhang} and Dana, Kristin and Nishino, Ko},
	booktitle={European Conference on Computer Vision ({\bf ECCV})},
	pages={808--824},
	year={2016},
	organization={Springer}
}


@article{zhang2015reflectance,
  title={Reflectance Hashing for Material Recognition},
  author={{\bf Hang Zhang} and Dana, Kristin and Nishino, Ko},
  journal={IEEE Conference on Computer Vision and Pattern Recognition ({\bf CVPR})},
  pages={3071--3080},
  year={2015}
}
